% This file was created with JabRef 2.8.1.
% Encoding: Cp1252

@article{Xie-2016PartB,
    Author = {Siyang Xie and Kun An and Yanfeng Ouyang},
    Journal = {Transportation Research Part B: Methodological},
    Pages = {Revision under review},
    Title = {Planning facility location under generally correlated facility disruptions: use of supporting stations and quasi-probabilities},
    Year = {2018}}

@article{Xie-2017OR,
    Author = {Zhaodong Wang and Siyang Xie and Yanfeng Ouyang},
    Journal = {In preparation},
    Title = {Planning facility location in a continuous space under congestion and disruption risks},
    Year = {2017}}


@comment{jabref-meta: groupsversion:3;}

@comment{jabref-meta: groupstree:
0 AllEntriesGroup:;
1 KeywordGroup:ERGÄNZEN\;0\;keywords\;ergänzen\;0\;0\;;
1 KeywordGroup:classicthesis\;0\;keywords\;classicthesis\;0\;0\;;
}

