% This file was created with JabRef 2.8.1.
% Encoding: Cp1252


@article{Xie-2014PartB,
    title = "Capacity optimization of an isolated intersection under the phase swap sorting strategy",
    journal = "Transportation Research Part B: Methodological",
    volume = "60",
    pages = "85 - 106",
    year = "2014",
    author = "Chiwei Yan and Hai Jiang and Siyang Xie",
    keywords = "Signal control, Signal timing, Sorting strategy, Pre-signal, Capacity optimization"}

@article{Xie-2017PartB,
    title = "Reliable sensor location for object positioning and surveillance via trilateration",
    journal = "Transportation Research Part B: Methodological",
    year = "2017",
    author = "Kun An and Siyang Xie and Yanfeng Ouyang",
    keywords = "Sensor location, Disruption, Trilateration, Lagrangian relaxation"}

@article{Xie-2016Interfaces,
    author = {Siyang Xie and Xi Chen and Zhaodong Wang and Yanfeng Ouyang and Kamalesh Somani and Jing Huang},
    title = {Integrated Planning for Multiple Types of Locomotive Work Facilities Under Location, Routing, and Inventory Considerations},
    journal = {Interfaces},
    volume = {46},
    number = {5},
    pages = {391-408},
    year = {2016}}


@comment{jabref-meta: groupsversion:3;}

@comment{jabref-meta: groupstree:
0 AllEntriesGroup:;
1 KeywordGroup:ERGÄNZEN\;0\;keywords\;ergänzen\;0\;0\;;
1 KeywordGroup:classicthesis\;0\;keywords\;classicthesis\;0\;0\;;
}

