%% This BibTeX bibliography file was created using BibDesk.
%% http://bibdesk.sourceforge.net/


%% Created for Siyang Xie at 2016-12-29 18:09:56 -0700 


%% Saved with string encoding Unicode (UTF-8) 


@string{eng_anal = {Eng. Anal.}}

@string{ieee_j_antprop = {{IEEE} Trans. Ant. and Prop.}}

@string{ieee_j_ec = {{IEEE} Trans. En. Conv.}}

@string{ieee_j_edu = {{IEEE} Trans. Educ.}}

@string{ieee_j_ia = {{IEEE} Trans. Ind. Applicat.}}

@string{ieee_j_mag = {{IEEE} Trans. Magn.}}

@string{ieee_j_mtt = {{IEEE} Trans. Microwave Theory Tech.}}

@string{ieee_j_pwre = {{IEEE} Trans. Power Electron.}}

@string{ieee_j_pwrs = {{IEEE} Trans. Power Syst.}}

@string{j_num_eng = {Int. J. Numer. Meth. Engng.}}


@article{Daskin-2005,
	Author = {Lawrence V. Snyder and Mark S. Daskin},
	Journal = {Transportation Science},
	Number = {3},
	Pages = {400-416},
	Title = {Reliability models for facility location: The expected failure cost case},
	Volume = {39},
	Year = {2005}}


@article{xie2014planning,
	Author = {Xie, Weijun and Ouyang, Yanfeng and Somani, Kamalesh},
	Date-Modified = {2016-03-28 17:06:36 +0000},
	Issn = {1467-8667},
	Journal = {Computer-Aided Civil and Infrastructure Engineering},
	Number = {3},
	Pages = {165-175},
	Title = {Optimizing Location and Capacity for Multiple Types of Locomotive Maintenance Shops},
	Volume = {31},
	Year = {2014}}